[
{"store": "Walmart", "item_name": "N/A", "sale_price": "N/A", "price": "N/A", "price_per_unit": "N/A", "date": "2024-08-08"},
{"store": "Walmart", "item_name": "FunPops Freezer Ice Pops, 2 oz, 36 Count Bag, Variety Pack", "sale_price": "N/A", "price": "current price $2.98", "price_per_unit": "4.1 ¢/oz", "date": "2024-08-08"},
{"store": "Walmart", "item_name": "Jimmy Dean Meat Lovers Breakfast Bowl, 7 oz (Frozen)", "sale_price": "2.67", "price": "$2.97", "price_per_unit": "38.1 ¢/oz", "date": "2024-08-08"},
{"store": "Walmart", "item_name": "OH SNAP! Dilly Bites, 3.25FL oz", "sale_price": "N/A", "price": "current price $1.47", "price_per_unit": "44.5 ¢/fl oz", "date": "2024-08-08"},
{"store": "Walmart", "item_name": "Jimmy Dean Sausage Egg & Cheese Croissant Sandwich, 36 oz, 8 Count (Frozen)", "sale_price": "N/A", "price": "current price $10.97", "price_per_unit": "30.5 ¢/oz", "date": "2024-08-08"},
{"store": "Walmart", "item_name": "Great Value Honey Wheat Bread, 20 oz", "sale_price": "N/A", "price": "current price $1.87", "price_per_unit": "9.4 ¢/oz", "date": "2024-08-08"},
{"store": "Walmart", "item_name": "Great Value Original Pepperoni Slices, 6 oz", "sale_price": "N/A", "price": "current price $2.78", "price_per_unit": "$7.32/lb", "date": "2024-08-08"},
{"store": "Walmart", "item_name": "GREAT VALUE SWEET PEAS 15OZ", "sale_price": "N/A", "price": "current price $0.64", "price_per_unit": "4.3 ¢/oz", "date": "2024-08-08"},
{"store": "Walmart", "item_name": "Fresh Green Cabbage, Each", "sale_price": "2.72", "price": "$3.48", "price_per_unit": "Final cost by weight", "date": "2024-08-08"},
{"store": "Walmart", "item_name": "Great Value Honey Graham Crackers, 14.4 oz", "sale_price": "N/A", "price": "current price $2.22", "price_per_unit": "15.4 ¢/oz", "date": "2024-08-08"},
{"store": "Walmart", "item_name": "Jack's Frozen Pizza, Pepperoni Original Thin Crust Pizza with Marinara Sauce, 14.4 oz (Frozen)", "sale_price": "N/A", "price": "current price $3.86", "price_per_unit": "26.8 ¢/oz", "date": "2024-08-08"},
{"store": "Walmart", "item_name": "Hershey's Milk Chocolate Candy, Bars 1.55 oz, 6 Count", "sale_price": "5.38", "price": "$6.48", "price_per_unit": "57.8 ¢/oz", "date": "2024-08-08"},
{"store": "Walmart", "item_name": "Chobani Non-Fat Greek Yogurt, Hero Batch Vanilla with Mixed Berry 4PK Cup", "sale_price": "N/A", "price": "current price $3.98", "price_per_unit": "18.8 ¢/oz", "date": "2024-08-08"},
{"store": "Walmart", "item_name": "Great Value Tomato Sauce, 8 oz Can", "sale_price": "N/A", "price": "current price $0.48", "price_per_unit": "6.0 ¢/oz", "date": "2024-08-08"},
{"store": "Walmart", "item_name": "Simply Non GMO Orange Juice No Pulp, 52 fl oz Bottle", "sale_price": "N/A", "price": "current price $3.98", "price_per_unit": "7.7 ¢/fl oz", "date": "2024-08-08"},
{"store": "Walmart", "item_name": "Great Value Heavy Whipping Cream, 16 oz", "sale_price": "N/A", "price": "current price $3.37", "price_per_unit": "21.1 ¢/fl oz", "date": "2024-08-08"},
{"store": "Walmart", "item_name": "Great Value Brown Gravy Mix, 0.87 oz", "sale_price": "N/A", "price": "current price $0.48", "price_per_unit": "55.2 ¢/oz", "date": "2024-08-08"},
{"store": "Walmart", "item_name": "Great Value Cream of Mushroom Condensed Soup, 10.5 oz Can", "sale_price": "N/A", "price": "current price $0.68", "price_per_unit": "6.5 ¢/oz", "date": "2024-08-08"},
{"store": "Walmart", "item_name": "Jimmy Dean Premium Pork Regular Sausage Roll, 16 oz", "sale_price": "N/A", "price": "current price $4.62", "price_per_unit": "28.9 ¢/oz", "date": "2024-08-08"},
{"store": "Walmart", "item_name": "Great Value Sliced Carrots, Canned Carrots, 14.5 oz Can", "sale_price": "N/A", "price": "current price $0.96", "price_per_unit": "6.6 ¢/oz", "date": "2024-08-08"},
{"store": "Walmart", "item_name": "King's Hawaiian Original Hawaiian Sweet Dinner Rolls, 12 Count, 12 Oz", "sale_price": "N/A", "price": "current price $4.68", "price_per_unit": "39.0 ¢/oz", "date": "2024-08-08"},
{"store": "Walmart", "item_name": "Smucker's Uncrustables Peanut Butter & Grape Jelly Sandwiches, 2 oz, 10 count (Frozen)", "sale_price": "N/A", "price": "current price $9.48", "price_per_unit": "47.4 ¢/oz", "date": "2024-08-08"},
{"store": "Walmart", "item_name": "Tina's Red Hot Beef Burrito, 4oz, Packaged Burrito, 1 Count (Frozen), Plastic Film", "sale_price": "N/A", "price": "current price $0.58", "price_per_unit": "14.5 ¢/oz", "date": "2024-08-08"},
{"store": "Walmart", "item_name": "Great Value Light Brown Sugar, 32 oz", "sale_price": "N/A", "price": "current price $2.22", "price_per_unit": "6.9 ¢/oz", "date": "2024-08-08"},
{"store": "Walmart", "item_name": "Great Value Distilled White Vinegar, 128 fl oz", "sale_price": "N/A", "price": "current price $3.74", "price_per_unit": "2.9 ¢/fl oz", "date": "2024-08-08"},
{"store": "Walmart", "item_name": "Great Value Cream Of Chicken Condensed Soup, 10.5 oz", "sale_price": "N/A", "price": "current price $0.68", "price_per_unit": "6.5 ¢/oz", "date": "2024-08-08"},
{"store": "Walmart", "item_name": "Maruchan Ramen Noodle Soup Chicken Flavor, 3 oz Shelf Stable Package", "sale_price": "0.30", "price": "$0.36", "price_per_unit": "10.0 ¢/oz", "date": "2024-08-08"},
{"store": "Walmart", "item_name": "Great Value Restaurant Style White Corn Tortilla Chips, 13 oz", "sale_price": "N/A", "price": "current price $1.98", "price_per_unit": "15.2 ¢/oz", "date": "2024-08-08"},
{"store": "Walmart", "item_name": "Country Crock Original Vegetable Oil Spread, 45 oz Tub (Refrigerated)", "sale_price": "N/A", "price": "current price $5.93", "price_per_unit": "13.2 ¢/ea", "date": "2024-08-08"},
{"store": "Walmart", "item_name": "Great Value 1% Low-Fat Milk, 1 Gallon Jug", "sale_price": "N/A", "price": "current price $2.85", "price_per_unit": "2.2 ¢/fl oz", "date": "2024-08-08"},
{"store": "Walmart", "item_name": "Armour LunchMakers Ham and Cheese Portable Meal Kit with Crunch Bar, 2.4 oz", "sale_price": "N/A", "price": "current price $1.18", "price_per_unit": "49.2 ¢/oz", "date": "2024-08-08"},
{"store": "Walmart", "item_name": "Rice Krispies Treats Original Chewy Crispy Marshmallow Squares, Ready-to-Eat, 16 Count", "sale_price": "N/A", "price": "current price $4.82", "price_per_unit": "38.9 ¢/oz", "date": "2024-08-08"},
{"store": "Walmart", "item_name": "Johnsonville Beddar With Cheddar Smoked Sausage, 6 Links, 14 oz", "sale_price": "N/A", "price": "current price $3.96", "price_per_unit": "$4.50/lb", "date": "2024-08-08"},
{"store": "Walmart", "item_name": "Great Value Evaporated Milk, Gluten-Free, Liquid, 12 fl oz Can", "sale_price": "N/A", "price": "current price $1.22", "price_per_unit": "10.2 ¢/fl oz", "date": "2024-08-08"},
{"store": "Walmart", "item_name": "Sam's Choice Purified Drinking Water, 20 fl oz, 28 Count Bottles", "sale_price": "N/A", "price": "current price $4.97", "price_per_unit": "0.9 ¢/fl oz", "date": "2024-08-08"},
{"store": "Walmart", "item_name": "fairlife Lactose Free 2% Reduced Fat Ultra Filtered Milk, 52 fl oz", "sale_price": "N/A", "price": "current price $4.48", "price_per_unit": "8.6 ¢/fl oz", "date": "2024-08-08"},
{"store": "Walmart", "item_name": "Great Value All Natural Boneless Skinless Chicken Breasts, 3 lb (Frozen)", "sale_price": "8.76", "price": "$9.74", "price_per_unit": "$2.92/lb", "date": "2024-08-08"},
{"store": "Walmart", "item_name": "Great Value Fresh Seal Double Zipper Sandwich Bags, 100 Count", "sale_price": "N/A", "price": "current price $2.28", "price_per_unit": "2.3 ¢/count", "date": "2024-08-08"},
{"store": "Walmart", "item_name": "Great Value Distilled Water, 1 Gallon", "sale_price": "N/A", "price": "current price $1.37", "price_per_unit": "1.1 ¢/fl oz", "date": "2024-08-08"},
{"store": "Walmart", "item_name": "Great Value Fat-Free Milk Gallon, Plastic, Jug, 128 Fl Oz", "sale_price": "N/A", "price": "current price $2.85", "price_per_unit": "2.2 ¢/fl oz", "date": "2024-08-08"},
{"store": "Walmart", "item_name": "Great Value Purified Drinking Water, 1 Gallon", "sale_price": "N/A", "price": "current price $1.37", "price_per_unit": "1.1 ¢/fl oz", "date": "2024-08-08"},
{"store": "Walmart", "item_name": "Great Value Thin & Crispy Cantina Style Tortilla Chips, 13 oz", "sale_price": "1.98", "price": "$2.24", "price_per_unit": "15.2 ¢/oz", "date": "2024-08-08"},
{"store": "Walmart", "item_name": "Milo's Famous Sweet Iced Tea, 100% Natural, 128 fl oz", "sale_price": "N/A", "price": "current price $3.48", "price_per_unit": "2.7 ¢/fl oz", "date": "2024-08-08"},
{"store": "Walmart", "item_name": "Pure Life Purified Water, 16.9 Fl Oz / 500 mL, Plastic Bottled Water (35 Pack)", "sale_price": "N/A", "price": "current price $5.88", "price_per_unit": "1.0 ¢/fl oz", "date": "2024-08-08"},
{"store": "Walmart", "item_name": "Pepsi Soda Pop, 12 fl oz, 24 Pack Cans", "sale_price": "N/A", "price": "current price $11.98", "price_per_unit": "4.2 ¢/fl oz", "date": "2024-08-08"},
{"store": "Walmart", "item_name": "Lunchables Ham & Cheddar Cheese Cracker Stackers Kid Lunch Snack, 3.5 oz Tray", "sale_price": "1.68", "price": "$1.87", "price_per_unit": "48.0 ¢/oz", "date": "2024-08-08"},
{"store": "Walmart", "item_name": "Cantaloupe, each", "sale_price": "N/A", "price": "current price $2.68", "price_per_unit": "N/A", "date": "2024-08-08"},
{"store": "Walmart", "item_name": "Fresh Red Cherries, 2.25 lb Bag", "sale_price": "N/A", "price": "current price $11.21", "price_per_unit": "$4.98/lb", "date": "2024-08-08"},
{"store": "Walmart", "item_name": "Fresh Mini Cucumbers, 16 oz", "sale_price": "N/A", "price": "current price $1.97", "price_per_unit": "12.3 ¢/oz", "date": "2024-08-08"},
{"store": "Walmart", "item_name": "Organic Marketside Fresh Baby Peeled Carrots, 1 lb Bag", "sale_price": "N/A", "price": "current price $1.66", "price_per_unit": "10.4 ¢/oz", "date": "2024-08-08"},
{"store": "Walmart", "item_name": "7lb bagged ice", "sale_price": "N/A", "price": "current price $1.88", "price_per_unit": "2.4 ¢/oz", "date": "2024-08-08"},
{"store": "Walmart", "item_name": "N/A", "sale_price": "N/A", "price": "N/A", "price_per_unit": "N/A", "date": "2024-08-08"},
{"store": "Walmart", "item_name": "N/A", "sale_price": "N/A", "price": "N/A", "price_per_unit": "N/A", "date": "2024-08-08"},
{"store": "Walmart", "item_name": "N/A", "sale_price": "N/A", "price": "N/A", "price_per_unit": "N/A", "date": "2024-08-08"},
{"store": "Walmart", "item_name": "N/A", "sale_price": "N/A", "price": "N/A", "price_per_unit": "N/A", "date": "2024-08-08"}
]